<?xml version="1.0" encoding="UTF-8"?><record xmlns="http://www.loc.gov/MARC21/slim" xmlns:cinclude="http://apache.org/cocoon/include/1.0" xmlns:zs="http://www.loc.gov/zing/srw/">
  <leader>00333cz  a2200121n  4500</leader>
  <controlfield tag="001">n  88008791 </controlfield>
  <controlfield tag="003">DLC</controlfield>
  <controlfield tag="005">19901019092221.6</controlfield>
  <controlfield tag="008">901018n| acannaab|          |n aaa ||| b</controlfield>
  <datafield tag="010" ind1=" " ind2=" ">
    <subfield code="a">n  88008791 </subfield>
  </datafield>
  <datafield tag="040" ind1=" " ind2=" ">
    <subfield code="a">DNLM</subfield>
    <subfield code="c">DLC</subfield>
    <subfield code="d">DLC</subfield>
  </datafield>
  <datafield tag="100" ind1="1" ind2="0">
    <subfield code="a">Mattrisch, Helen</subfield>
  </datafield>
  <datafield tag="670" ind1=" " ind2=" ">
    <subfield code="a">Madication side effects [VR] c1989:</subfield>
    <subfield code="b">credit frame (Helen Mattrisch, R.Ph.)</subfield>
  </datafield>
</record>